@article{stonebraker2013voltdb,
  title={The VoltDB Main Memory DBMS.},
  author={Stonebraker, Michael and Weisberg, Ariel},
  journal={IEEE Data Eng. Bull.},
  volume={36},
  number={2},
  pages={21--27},
  year={2013}
}

@article{voltdb2010voltdb,
  title={VoltDB technical overview},
  author={VoltDB, LLC},
  year={2010},
  publisher={Whitepaper}
}

@MISC{voltdb_indexes,
title = {VoltDB indexes},
author = {VoltDB},
howpublished={\url{http://mockdocs.voltdb.com/UsingVoltDB/ddlref_createindex.php}},
note = {Accessed on 8/12/2014}
}

@MISC{voltdb_query_plans,
title = {VoltDB query plans},
author = {VoltDB},
howpublished={\url{http://docs.voltdb.com/PerfGuide/ChapExecPlans.php}},
note = {Accessed on 8/12/2014}
}

@inproceedings{brewer2000towards,
  title={Towards robust distributed systems},
  author={Brewer, Eric A},
  booktitle={PODC},
  pages={7},
  year={2000}
}

@inproceedings{borthakur2011apache,
  title={Apache Hadoop goes realtime at Facebook},
  author={Borthakur, Dhruba and Gray, Jonathan and Sarma, Joydeep Sen and Muthukkaruppan, Kannan and Spiegelberg, Nicolas and Kuang, Hairong and Ranganathan, Karthik and Molkov, Dmytro and Menon, Aravind and Rash, Samuel and others},
  booktitle={Proceedings of the 2011 ACM SIGMOD International Conference on Management of data},
  pages={1071--1080},
  year={2011},
  organization={ACM}
}

@article{lakshman2010cassandra,
  title={Cassandra: a decentralized structured storage system},
  author={Lakshman, Avinash and Malik, Prashant},
  journal={ACM SIGOPS Operating Systems Review},
  volume={44},
  number={2},
  pages={35--40},
  year={2010},
  publisher={ACM}
}

@article{grolinger2013data,
  title={Data management in cloud environments: NoSQL and NewSQL data stores},
  author={Grolinger, Katarina and Higashino, Wilson A and Tiwari, Abhinav and Capretz, Miriam AM},
  journal={Journal of Cloud Computing: Advances, Systems and Applications},
  volume={2},
  number={1},
  pages={22},
  year={2013},
  publisher={Springer}
}

@inproceedings{decandia2007dynamo,
  title={Dynamo: amazon's highly available key-value store},
  author={DeCandia, Giuseppe and Hastorun, Deniz and Jampani, Madan and Kakulapati, Gunavardhan and Lakshman, Avinash and Pilchin, Alex and Sivasubramanian, Swaminathan and Vosshall, Peter and Vogels, Werner},
  booktitle={ACM SIGOPS Operating Systems Review},
  volume={41},
  number={6},
  pages={205--220},
  year={2007},
  organization={ACM}
}

@article{chang2008bigtable,
  title={Bigtable: A distributed storage system for structured data},
  author={Chang, Fay and Dean, Jeffrey and Ghemawat, Sanjay and Hsieh, Wilson C and Wallach, Deborah A and Burrows, Mike and Chandra, Tushar and Fikes, Andrew and Gruber, Robert E},
  journal={ACM Transactions on Computer Systems (TOCS)},
  volume={26},
  number={2},
  pages={4},
  year={2008},
  publisher={ACM}
}

@MISC{cassandra_then&now,
author = {Lakshman, Avinash and Malik, Prashant and Ellis, Jonathan},
title = {Facebook’s Cassandra paper, annotated and compared to Apache Cassandra 2.0},
howpublished={\url{http://www.datastax.com/documentation/articles/cassandra/cassandrathenandnow.html}},
note = {Accessed on 15/11/2014}
}

@MISC{cassandra_lightweight_trans,
author = {DataStax},
title = {Lightweight transactions},
howpublished={\url{http://www.datastax.com/documentation/cassandra/2.0/cassandra/dml/dml_ltwt_transaction_c.html}},
note = {Accessed on 15/11/2014}
}

@MISC{cassandra_solr,
author = {DataStax},
title = {Getting started with Solr in DataStax Enterprise},
howpublished={\url{http://www.datastax.com/documentation/datastax_enterprise/4.5/datastax_enterprise/srch/srchIntro.html}},
note = {Accessed on 15/11/2014}
}

@MISC{cassandra_spark,
author = {DataStax},
title = {Analyzing data using Spark},
howpublished={\url{http://www.datastax.com/documentation/datastax_enterprise/4.5/datastax_enterprise/spark/sparkTOC.html}},
note = {Accessed on 15/11/2014}
}

@MISC{cassandra_CQL,
author = {DataStax},
title = {Cassandra Query Language (CQL) v3.1.7},
howpublished={\url{http://cassandra.apache.org/doc/cql3/CQL.html}},
note = {Accessed on 15/11/2014}
}

@MISC{hbase_acid,
author = {Apache Foundation},
title = {HBase ACID semantics},
howpublished={\url{http://hbase.apache.org/acid-semantics.html}},
note = {Accessed on 15/11/2014}
}

@MISC{hbase_schema,
author = {Apache Foundation},
title = {HBase schema design},
howpublished={\url{http://hbase.apache.org/book/perf.schema.html}},
note = {Accessed on 26/11/2014}
}

@MISC{db_engine_rank,
title = {DB-Engine Ranking},
howpublished={\url{http://www.db-engines.com/en/ranking}},
note = {Accessed on 15/11/2014}
}

@article{wanderman2014runtime,
  title={Runtime Code Generation in Cloudera Impala.},
  author={Wanderman-Milne, Skye and Li, Nong},
  journal={IEEE Data Eng. Bull.},
  volume={37},
  number={1},
  pages={31--37},
  year={2014}
}

@article{floratou2014sql,
  title={Sql-on-hadoop: Full circle back to shared-nothing database architectures},
  author={Floratou, Avrilia and Minhas, Umar Farooq and Ozcan, Fatma},
  journal={Proceedings of the VLDB Endowment},
  volume={7},
  number={12},
  year={2014}
}

@MISC{cloudera_impala,
title = {Cloudera Impala},
author = {Kornacker, Marcel and Erickson, Justin},
howpublished={\url{http://blog.cloudera.com/blog/2012/10/cloudera-impala-real-time-queries-in-apache-hadoop-for-real/}},
note = {Accessed on 15/11/2014}
}

@MISC{impala_components,
title = {Cloudera Impala components},
author = {Cloudera},
howpublished={\url{http://www.cloudera.com/content/cloudera/en/documentation/core/latest/topics/impala_components.html}},
note = {Accessed on 6/12/2014}
}

@MISC{mongodb_indexes,
title = {MongoDB indexes},
author = {MongoDB},
howpublished = {\url{http://docs.mongodb.org/manual/core/indexes-introduction/}},
note = {Accessed on 15/11/2014}
}

@MISC{mongodb_query_plans,
title = {MongoDB query plans},
author = {MongoDB},
howpublished = {\url{http://docs.mongodb.org/manual/core/query-plans/}},
note = {Accessed on 16/11/2014}
}

@MISC{mongodb_gridfs,
title = {MongoDB GridFS},
author = {MongoDB},
howpublished = {\url{http://docs.mongodb.org/manual/core/gridfs/}},
note = {Accessed on 6/12/2014}
}

@MISC{couchbase_about,
title = {About Couchbase Server},
author = {Couchbase},
howpublished = {\url{http://www.couchbase.com/nosql-databases/about-couchbase-server}},
note = {Accessed on 16/11/2014}
}

@MISC{couchbase_n1ql,
title = {Couchbase N1QL Language Reference},
author = {Couchbase},
howpublished = {\url{http://docs.couchbase.com/prebuilt/n1ql/n1ql-dp3/}},
note = {Accessed on 16/11/2014}
}

@MISC{couchbase_index,
title = {Couchbase compaction process},
author = {Couchbase},
howpublished = {\url{http://blog.couchbase.com/compaction-magic-couchbase-server-20}},
note = {Accessed on 26/11/2014}
}

@MISC{wetterstrand_sequencing_cost,
title = {DNA Sequencing Costs: Data from the NHGRI Genome Sequencing Program (GSP)},
author = {Wetterstrand KA.},
howpublished = {\url{http://www.genome.gov/sequencingcosts/}},
note = {Accessed on 19/11/2014}
}

@inproceedings{mashey1997big,
  title={Big Data and the Next Wave of InfraStress},
  author={Mashey, John R},
  booktitle={Computer Science Division Seminar, University of California, Berkeley},
  year={1997}
}

@inproceedings{baker2011megastore,
  title={Megastore: Providing Scalable, Highly Available Storage for Interactive Services.},
  author={Baker, Jason and Bond, Chris and Corbett, James C and Furman, JJ and Khorlin, Andrey and Larson, James and L{\'e}on, Jean-Michel and Li, Yawei and Lloyd, Alexander and Yushprakh, Vadim},
  booktitle={CIDR},
  volume={11},
  pages={223--234},
  year={2011}
}

@inproceedings{hecht2011nosql,
  title={NoSQL Evaluation},
  author={Hecht, Robin and Jablonski, S},
  booktitle={International Conference on Cloud and Service Computing},
  year={2011}
}

@article{cattell2011scalable,
  title={Scalable SQL and NoSQL data stores},
  author={Cattell, Rick},
  journal={ACM SIGMOD Record},
  volume={39},
  number={4},
  pages={12--27},
  year={2011},
  publisher={ACM}
}

@MISC{elprep_mongo,
 title = {elPrep-mongo},
 author = {Pascal Costanza},
 howpublished = {\url{https://github.com/ExaScience/elprep-mongo}},
 note = {Accessed on 25/11/2014}
}

@article{o1996log,
  title={The log-structured merge-tree (LSM-tree)},
  author={O’Neil, Patrick and Cheng, Edward and Gawlick, Dieter and O’Neil, Elizabeth},
  journal={Acta Informatica},
  volume={33},
  number={4},
  pages={351--385},
  year={1996},
  publisher={Springer}
} 

@inproceedings{sears2012blsm,
  title={bLSM: a general purpose log structured merge tree},
  author={Sears, Russell and Ramakrishnan, Raghu},
  booktitle={Proceedings of the 2012 ACM SIGMOD International Conference on Management of Data},
  pages={217--228},
  year={2012},
  organization={ACM}
}

@book{george2011hbase,
  title={HBase: the definitive guide},
  author={George, Lars},
  year={2011},
  publisher={" O'Reilly Media, Inc."}
}

@article{mullin1983second,
  title={A second look at Bloom filters},
  author={Mullin, James K},
  journal={Communications of the ACM},
  volume={26},
  number={8},
  pages={570--571},
  year={1983},
  publisher={ACM}
}

@MISC{exascience_life_lab,
author = {imec},
title = {Exascience Life Lab},
howpublished={\url{http://www2.imec.be/be_en/research/life-sciences/exascience-life-lab.html}},
note = {Accessed on 02/12/2014}
}

@inproceedings{lifelab_BWA,
  title={Resolving Load Balancing Issues in BWA on NUMA multicore architectures},
  author={Herzeel, Charlotte and Costanza, Pascal and De Meuter, Wolfgang and Ashby, Thomas J.},
  booktitle={Proceedings of the 10th International Conference on Parallel Processing and Applied Mathematics PPAM},
  year={2013},
  publisher={Springer}
}

@MISC{broad_institute,
	author = {Broad Institute},
	title = {Human Whole Genome Sequencing},
	howpublished={\url{http://www.broadinstitute.org/scientific-community/science/platforms/genomics/human-whole-genome-sequencing}},
	note = {Accessed on 02/12/2014}
}

@MISC{coverage_definition,
	author = {Broad Institute},
	title = {Coverage},
	howpublished={\url{https://www.broadinstitute.org/crd/wiki/index.php/Read_coverage}},
	note = {Accessed on 05/12/2014}
}

@MISC{impala_partitioning,
	author = {Cloudera},
	title = {Cloudera Impala partitioning},
	howpublished={\url{http://www.cloudera.com/content/cloudera/en/documentation/cloudera-impala/v1/latest/Installing-and-Using-Impala/ciiu_partitioning.html}},
	note = {Accessed on 03/12/2014}
}

@MISC{apache_solr,
	author = {Apache Foundation},
	title = {Apache Solr},
	howpublished={\url{http://lucene.apache.org/solr/}},
	note = {Accessed on 02/12/2014}
}

@MISC{apache_hive,
	author = {Apache Foundation},
	title = {Apache Hive},
	howpublished={\url{https://hive.apache.org/}},
	note = {Accessed on 06/12/2014}
}

@inproceedings{zaharia2010spark,
  title={Spark: cluster computing with working sets},
  author={Zaharia, Matei and Chowdhury, Mosharaf and Franklin, Michael J and Shenker, Scott and Stoica, Ion},
  booktitle={Proceedings of the 2nd USENIX conference on Hot topics in cloud computing},
  pages={10--10},
  year={2010}
}

@book{ostrovsky2014pro,
  title={Pro Couchbase Server},
  author={Ostrovsky, David and Rodenski, Yaniv},
  year={2014},
  publisher={Apress}
}
